<?xml version="1.0" encoding="UTF-8"?><record xmlns="http://www.loc.gov/MARC21/slim" xmlns:cinclude="http://apache.org/cocoon/include/1.0" xmlns:zs="http://www.loc.gov/zing/srw/">
  <leader>00566cz  a2200169n  4500</leader>
  <controlfield tag="001">n 2008217165</controlfield>
  <controlfield tag="003">DLC</controlfield>
  <controlfield tag="005">20080404080002.0</controlfield>
  <controlfield tag="008">080403n| acannaabn          |a aaa      </controlfield>
  <datafield tag="010" ind1=" " ind2=" ">
    <subfield code="a">n 2008217165</subfield>
  </datafield>
  <datafield tag="040" ind1=" " ind2=" ">
    <subfield code="a">DLC</subfield>
    <subfield code="b">eng</subfield>
    <subfield code="c">DLC</subfield>
  </datafield>
  <datafield tag="100" ind1="1" ind2=" ">
    <subfield code="a">Motta, Felipe Ronner Pinheiro Imlau</subfield>
  </datafield>
  <datafield tag="400" ind1="1" ind2=" ">
    <subfield code="a">Mota, Felipe Ronner Pinheiro Imlau</subfield>
  </datafield>
  <datafield tag="400" ind1="1" ind2=" ">
    <subfield code="a">Imlau Motta, Felipe Ronner Pinheiro</subfield>
  </datafield>
  <datafield tag="400" ind1="1" ind2=" ">
    <subfield code="a">Pinheiro Imlau Motta, Felipe Ronner</subfield>
  </datafield>
  <datafield tag="400" ind1="1" ind2=" ">
    <subfield code="a">Ronner Pinheiro Imlau Motta, Felipe</subfield>
  </datafield>
  <datafield tag="670" ind1=" " ind2=" ">
    <subfield code="a">Dois em um, 2007:</subfield>
    <subfield code="b">t.p. (Felipe Ronner Pinheiro Imlau Motta) p. 17 (Felipe Ronner)</subfield>
  </datafield>
</record>